<?xml version="1.0" encoding="UTF-8"?><record xmlns="http://www.loc.gov/MARC21/slim" xmlns:cinclude="http://apache.org/cocoon/include/1.0" xmlns:zs="http://www.loc.gov/zing/srw/">
  <leader>00655cz  a2200145n  4500</leader>
  <controlfield tag="001">n  88284081 </controlfield>
  <controlfield tag="003">DLC</controlfield>
  <controlfield tag="005">20110502125919.0</controlfield>
  <controlfield tag="008">890316n| acannaab           |a aaa      </controlfield>
  <datafield tag="010" ind1=" " ind2=" ">
    <subfield code="a">n  88284081 </subfield>
  </datafield>
  <datafield tag="040" ind1=" " ind2=" ">
    <subfield code="a">DLC</subfield>
    <subfield code="c">DLC</subfield>
    <subfield code="d">DLC</subfield>
  </datafield>
  <datafield tag="100" ind1="1" ind2=" ">
    <subfield code="a">Conserva, Paulo</subfield>
  </datafield>
  <datafield tag="400" ind1="1" ind2=" ">
    <subfield code="a">Alves Conserva, Paulo</subfield>
  </datafield>
  <datafield tag="670" ind1=" " ind2=" ">
    <subfield code="a">His A revolução de Mugiqui, 1982:</subfield>
    <subfield code="b">t.p. (Paulo Conserva) jacket flap (b. Mugiqui; attended a seminary) cover p. 4 (40 yrs. old)</subfield>
  </datafield>
  <datafield tag="670" ind1=" " ind2=" ">
    <subfield code="a">Cachupiranga e adjacências, 2004:</subfield>
    <subfield code="b">t.p. (Paulo Conserva) front flap (Paulo Alves Conserva; b. Dec. 09, 1941, in Prata (PB); former priest; political prisoner during the Brazilian military regime; lived in Cuba)</subfield>
  </datafield>
</record>